@article{gilbert2000build,
  title={How to build and use agent-based models in social science},
  author={Gilbert, Nigel and Terna, Pietro},
  journal={Mind \& Society},
  volume={1},
  number={1},
  pages={57--72},
  year={2000},
  publisher={Springer}
}

@article{hubel1968receptive,
  title={Receptive fields and functional architecture of monkey striate cortex},
  author={Hubel, David H and Wiesel, Torsten N},
  journal={The Journal of physiology},
  volume={195},
  number={1},
  pages={215--243},
  year={1968},
  publisher={Wiley Online Library}
}

@article{lecun1998gradient,
  title={Gradient-based learning applied to document recognition},
  author={LeCun, Yann and Bottou, L{\'e}on and Bengio, Yoshua and Haffner, Patrick},
  journal={Proceedings of the IEEE},
  volume={86},
  number={11},
  pages={2278--2324},
  year={1998},
  publisher={IEEE}
}

@inproceedings{szegedy2015going,
  title={Going deeper with convolutions},
  author={Szegedy, Christian and Liu, Wei and Jia, Yangqing and Sermanet, Pierre and Reed, Scott and Anguelov, Dragomir and Erhan, Dumitru and Vanhoucke, Vincent and Rabinovich, Andrew},
  booktitle={Proceedings of the IEEE Conference on Computer Vision and Pattern Recognition},
  pages={1--9},
  year={2015}
}

@article{szegedy2015rethinking,
  title={Rethinking the inception architecture for computer vision},
  author={Szegedy, Christian and Vanhoucke, Vincent and Ioffe, Sergey and Shlens, Jonathon and Wojna, Zbigniew},
  journal={arXiv preprint arXiv:1512.00567},
  year={2015}
}

@article{hasanpour2016lets,
  title={Lets keep it simple: using simple architectures to outperform deeper architectures},
  author={HasanPour, Seyyed Hossein and Rouhani, Mohammad and Vahidi, Javad and Saadati, Reza},
  journal={arXiv preprint arXiv:1608.06037},
  year={2016}
}

@article{hawkins2004problem,
  title={The problem of overfitting},
  author={Hawkins, Douglas M},
  journal={Journal of chemical information and computer sciences},
  volume={44},
  number={1},
  pages={1--12},
  year={2004},
  publisher={ACS Publications}
}

@article{kingma2014adam,
  title={Adam: A method for stochastic optimization},
  author={Kingma, Diederik and Ba, Jimmy},
  journal={arXiv preprint arXiv:1412.6980},
  year={2014}
}

@article{anagnostopoulos2008license,
  title={License plate recognition from still images and video sequences: A survey},
  author={Anagnostopoulos, Christos-Nikolaos E and Anagnostopoulos, Ioannis E and Psoroulas, Ioannis D and Loumos, Vassili and Kayafas, Eleftherios},
  journal={IEEE Transactions on intelligent transportation systems},
  volume={9},
  number={3},
  pages={377--391},
  year={2008},
  publisher={IEEE}
}

@book{gonzalezwoods200708, 
	title={Digital Image Processing (3rd Edition)},
	author={Rafael C. Gonzalez and Richard E. Woods},
	publisher={Pearson},
	year={2007},
	month={8},
	edition={3},
	isbn={9780131687288},
	url={http://amazon.com/o/ASIN/013168728X/},
	totalpages={976},
	timestamp={2016.11.23},
}
